<?xml version="1.0" encoding="UTF-8"?><collection xmlns="http://www.loc.gov/MARC21/slim"><record><leader>00634nam--2200205-i-4500</leader><controlfield tag="001">000023248</controlfield><controlfield tag="002">20161230</controlfield><controlfield tag="005">20161230201034</controlfield><controlfield tag="008">060222s1000------------r-----000-0-eng-d</controlfield><datafield ind1=" " ind2=" " tag="020"><subfield code="a">3540134042</subfield></datafield><datafield ind1=" " ind2=" " tag="040"><subfield code="a">IFIN-HH</subfield></datafield><datafield ind1=" " ind2=" " tag="080"><subfield code="a">537.8</subfield></datafield><datafield ind1="1" ind2=" " tag="100"><subfield code="a">Greiner, W</subfield></datafield><datafield ind1="1" ind2="0" tag="245"><subfield code="a">Quantum electrodynamics of strong fields</subfield><subfield code="b">With an introduction into modern relativistic quantum mechanics</subfield><subfield code="c">W. greiner; b. muller; j. rafelski</subfield></datafield><datafield ind1=" " ind2=" " tag="260"><subfield code="a">Berlin</subfield><subfield code="b">Springer-verlag</subfield><subfield code="c">1985</subfield></datafield><datafield ind1=" " ind2=" " tag="300"><subfield code="a">XI + 594 P. 258 FIG</subfield></datafield><datafield ind1=" " ind2=" " tag="490"><subfield code="a">Texts And Monographs In Physics</subfield></datafield><datafield ind1="1" ind2=" " tag="700"><subfield code="a">Rafelski, J</subfield></datafield><datafield ind1=" " ind2=" " tag="852"><subfield code="a">72856</subfield><subfield code="c">537:538</subfield></datafield><datafield ind1=" " ind2=" " tag="CAT"><subfield code="a">Sys</subfield><subfield code="c">20110627</subfield><subfield code="h">164356</subfield></datafield></record></collection>